@inproceedings{Caruana:2006,
 author = {Caruana, Rich and Niculescu-Mizil, Alexandru},
 title = {An empirical comparison of supervised learning algorithms},
 booktitle = {Proceedings of the 23rd international conference on Machine learning},
 series = {ICML '06},
 year = {2006},
 isbn = {1-59593-383-2},
 location = {Pittsburgh, Pennsylvania},
 pages = {161--168},
 numpages = {8},
 url = {http://doi.acm.org/10.1145/1143844.1143865},
 doi = {10.1145/1143844.1143865},
 acmid = {1143865},
 publisher = {ACM},
 address = {New York, NY, USA},
}
@misc{uci ,
author = "K. Bache and M. Lichman",
year = "2013",
title = "{UCI} Machine Learning Repository",
url = "http://archive.ics.uci.edu/ml",
institution = "University of California, Irvine, School of Information and Computer Sciences" } 

@article{scikit-learn,
 title={Scikit-learn: Machine Learning in {P}ython},
 author={Pedregosa, F. and Varoquaux, G. and Gramfort, A. and Michel, V.
         and Thirion, B. and Grisel, O. and Blondel, M. and Prettenhofer, P.
         and Weiss, R. and Dubourg, V. and Vanderplas, J. and Passos, A. and
         Cournapeau, D. and Brucher, M. and Perrot, M. and Duchesnay, E.},
 journal={Journal of Machine Learning Research},
 volume={12},
 pages={2825--2830},
 year={2011}
}
@incollection{Platt:1999,
 author = {Platt, John C.},
 chapter = {Fast training of support vector machines using sequential minimal optimization},
 title = {Advances in kernel methods},
 booktitle = {Advances in kernel methods},
 editor = {Sch\"{o}lkopf, Bernhard and Burges, Christopher J. C. and Smola, Alexander J.},
 year = {1999},
 isbn = {0-262-19416-3},
 pages = {185--208},
 numpages = {24},
 url = {http://dl.acm.org/citation.cfm?id=299094.299105},
 acmid = {299105},
 publisher = {MIT Press},
 address = {Cambridge, MA, USA},
}
@article{CC01a,
 author = {Chang, Chih-Chung and Lin, Chih-Jen},
 title = {{LIBSVM}: A library for support vector machines},
 journal = {ACM Transactions on Intelligent Systems and Technology},
 volume = {2},
 issue = {3},
 year = {2011},
 pages = {27:1--27:27}
}